@ARTICLE{SIN-UKC,
  author={Sinaga, Kristina P. and Yang, Miin-Shen},
  journal={IEEE Access}, 
  title={Unsupervised K-Means Clustering Algorithm}, 
  year={2020},
  volume={8},
  number={},
  pages={80716-80727},
  doi={10.1109/ACCESS.2020.2988796}
}

@ARTICLE{EZU-CPF,
  author={Ezugwu, Absalom El-Shamir and Agbaje, Moyinoluwa B. and Aljojo, Nahla and Els, Rosanne and Chiroma, Haruna and Elaziz, Mohamed Abd},
  journal={IEEE Access}, 
  title={A Comparative Performance Study of Hybrid Firefly Algorithms for Automatic Data Clustering}, 
  year={2020},
  volume={8},
  number={},
  pages={121089-121118},
  doi={10.1109/ACCESS.2020.3006173}
}

@article{ABI-RKC,
title = {K-means clustering algorithms: A comprehensive review, variants analysis, and advances in the era of big data},
journal = {Information Sciences},
volume = {622},
pages = {178-210},
year = {2023},
issn = {0020-0255},
doi = {https://doi.org/10.1016/j.ins.2022.11.139},
url = {https://www.sciencedirect.com/science/article/pii/S0020025522014633},
author = {Abiodun M. Ikotun and Absalom E. Ezugwu and Laith Abualigah and Belal Abuhaija and Jia Heming},
keywords = {K-means, K-means variants, Clustering algorithm, Modified k-means, Improved k-means, Perspectives on big data clustering, Big data clustering},
}

@article{ZHU-EPC,
  title={An effective partitional clustering algorithm based on new clustering validity index},
  author={Zhu, Erzhou and Ma, Ruhui},
  journal={Applied soft computing},
  volume={71},
  pages={608--621},
  year={2018},
  publisher={Elsevier}
}

@article{JAI-DCB,
  title={Data clustering: 50 years beyond K-means},
  author={Jain, Anil K},
  journal={Pattern recognition letters},
  volume={31},
  number={8},
  pages={651--666},
  year={2010},
  publisher={Elsevier}
}

@article{BAR-LVG,
  title={Local vs global interactions in clustering algorithms: Advances over K-means},
  author={Barbakh, Wesam and Fyfe, Colin},
  journal={International Journal of Knowledge-based and Intelligent Engineering Systems},
  volume={12},
  number={2},
  pages={83--99},
  year={2008},
  publisher={IOS Press}
}

@article{HAR-KMA,
  title={Algorithm AS 136: A k-means clustering algorithm},
  author={Hartigan, John A and Wong, Manchek A},
  journal={Journal of the royal statistical society. series c (applied statistics)},
  volume={28},
  number={1},
  pages={100--108},
  year={1979},
  publisher={JSTOR}
}

@ARTICLE{SEL-GCT,
  author={Selim, Shokri Z. and Ismail, M. A.},
  journal={IEEE Transactions on Pattern Analysis and Machine Intelligence}, 
  title={K-Means-Type Algorithms: A Generalized Convergence Theorem and Characterization of Local Optimality}, 
  year={1984},
  volume={PAMI-6},
  number={1},
  pages={81-87},
  doi={10.1109/TPAMI.1984.4767478}
}

@inproceedings{SYA-IKC,
  title={Integration k-means clustering method and elbow method for identification of the best customer profile cluster},
  author={Syakur, MA and Khotimah, BK and Rochman, EMS and Satoto, Budi Dwi},
  booktitle={IOP conference series: materials science and engineering},
  volume={336},
  pages={012017},
  year={2018},
  organization={IOP Publishing}
}

@article{PEN-ECI,
title = {An empirical comparison of four initialization methods for the K-Means algorithm},
journal = {Pattern Recognition Letters},
volume = {20},
number = {10},
pages = {1027-1040},
year = {1999},
issn = {0167-8655},
doi = {https://doi.org/10.1016/S0167-8655(99)00069-0},
url = {https://www.sciencedirect.com/science/article/pii/S0167865599000690},
author = {J.M Peña and J.A Lozano and P Larrañaga},
keywords = {-Means algorithm, -Means initialization, Partitional clustering, Genetic algorithms},
}

@article{LIU-BDE,
title = {Big data-informed energy efficiency assessment of China industry sectors based on K-means clustering},
journal = {Journal of Cleaner Production},
volume = {183},
pages = {304-314},
year = {2018},
issn = {0959-6526},
doi = {https://doi.org/10.1016/j.jclepro.2018.02.129},
url = {https://www.sciencedirect.com/science/article/pii/S0959652618304414},
author = {Gengyuan Liu and Jin Yang and Yan Hao and Yan Zhang},
keywords = {Big-data, Energy efficiency assessment, , Multi-dimension association rules},
}


@article{MAL-HBP,
author = {Malatesta, Troy and Breadsell, Jessica K.},
title = {Identifying Home System of Practices for Energy Use with K-Means Clustering Techniques},
journal = {Sustainability},
volume = {14},
year = {2022},
number = {15},
atricle-number = {9017},
url = {https://www.mdpi.com/2071-1050/14/15/9017},
issn = {2071-1050},
}

@book{AND-CAA,
  title={Cluster analysis for applications: probability and mathematical statistics: a series of monographs and textbooks},
  author={Anderberg, Michael R},
  volume={19},
  year={2014},
  publisher={Academic press}
}

@inproceedings{MCQ-MCA,
  title={Some methods for classification and analysis of multivariate observations},
  author={MacQueen, James and others},
  booktitle={Proceedings of the fifth Berkeley symposium on mathematical statistics and probability},
  volume={1},
  pages={281--297},
  year={1967},
  organization={Oakland, CA, USA}
}

@book{KAU-FGD,
  title={Finding groups in data: an introduction to cluster analysis},
  author={Kaufman, Leonard and Rousseeuw, Peter J},
  year={2009},
  publisher={John Wiley \& Sons}
}

@article{JES-IND,
  title={Identification of natural disaster impacted electricity load profiles with k means clustering algorithm},
  author={Jessen, Simon Hedeg{\aa}rd and Ma, Zheng Grace and Wijaya, Francisco Danang and Vasquez, Juan C and Guerrero, Josep and J{\o}rgensen, Bo N{\o}rregaard},
  journal={Energy Informatics},
  volume={5},
  number={4},
  pages={1--29},
  year={2022},
  publisher={SpringerOpen}
}

@online{BNP-CAD,
  title = {Casualties and Damage by Region},
  author = {National Disaster Management Agency (BNPB)},
  howpublished = {\url{https://dibi.bnpb.go.id/kwilayah/index}},
  note = {Accessed: 2021-02-06}
}

@online{GOG-WSI,
  title = {Why Scaling is Important in Machine Learning?},
  author = {Gogia, N},
  howpublished = {\url{https://medium.com/analytics-vidhya/why-scaling-is-important-in-machine-learning-aee5781d161a}},
  note = {Accessed: 2021-02-06}
}

@article{JOJ-ENP,
  title={Effectiveness of normalization pre-processing of big data to the machine learning performance},
  author={Jo, Jun-Mo},
  journal={The Journal of the Korea institute of electronic communication sciences},
  volume={14},
  number={3},
  pages={547--552},
  year={2019},
  publisher={Korea Institute of Electronic Communication Science}
}

@online{SKL-MMS,
  author = {Scikit Learn},
  title = {MinMaxScaler Documentation},
  howpublished = {\url{https://scikit-learn.org/stable/modules/generated/sklearn.preprocessing.MinMaxScaler.html}},
  note = {Accessed: 2023-05-12}
}

@article{KUR-HBP,
  title={Habitual behaviors or patterns of practice? Explaining and changing repetitive climate-relevant actions},
  author={Kurz, Tim and Gardner, Benjamin and Verplanken, Bas and Abraham, Charles},
  journal={Wiley Interdisciplinary Reviews: Climate Change},
  volume={6},
  number={1},
  pages={113--128},
  year={2015},
  publisher={Wiley Online Library}
}

@article{HAM-EED,
  title={An ethnography of energy demand and working from home: Exploring the affective dimensions of social practice in the United Kingdom},
  author={Hampton, Sam},
  journal={Energy Research \& Social Science},
  volume={28},
  pages={1--10},
  year={2017},
  publisher={Elsevier}
}

@article{BRE-EWP,
  title={Household energy and water practices change post-occupancy in an australian low-carbon development},
  author={Breadsell, Jessica K and Byrne, Joshua J and Morrison, Gregory M},
  journal={Sustainability},
  volume={11},
  number={20},
  pages={5559},
  year={2019},
  publisher={MDPI}
}

@article{BOU-RPK,
  title={Random projections for k-means clustering},
  author={Boutsidis, Christos and Zouzias, Anastasios and Drineas, Petros},
  journal={Advances in neural information processing systems},
  volume={23},
  year={2010}
}

@article{LIS-GKC,
  title={The global k-means clustering algorithm},
  author={Likas, Aristidis and Vlassis, Nikos and Verbeek, Jakob J},
  journal={Pattern recognition},
  volume={36},
  number={2},
  pages={451--461},
  year={2003},
  publisher={Elsevier}
}

@inproceedings{HAM-ALT,
  title={Alternatives to the k-means algorithm that find better clusterings},
  author={Hamerly, Greg and Elkan, Charles},
  booktitle={Proceedings of the eleventh international conference on Information and knowledge management},
  pages={600--607},
  year={2002}
}

@article{RAY-ALT,
  title={What to do when K-means clustering fails: a simple yet principled alternative algorithm},
  author={Raykov, Yordan P and Boukouvalas, Alexis and Baig, Fahd and Little, Max A},
  journal={PloS one},
  volume={11},
  number={9},
  pages={e0162259},
  year={2016},
  publisher={Public Library of Science San Francisco, CA USA}
}

@article{COL-ALT,
  title={K-means and alternative clustering methods in modern power systems},
  author={Miraftabzadeh, Seyed Mahdi and Colombo, Cristian Giovanni and Longo, Michela and Foiadelli, Federica},
  journal={IEEE Access},
  year={2023},
  publisher={IEEE}
}

@article{FAN-CCI,
  title={Climate change impacts and costs to US electricity transmission and distribution infrastructure},
  author={Fant, Charles and Boehlert, Brent and Strzepek, Kenneth and Larsen, Peter and White, Alisa and Gulati, Sahil and Li, Yue and Martinich, Jeremy},
  journal={Energy},
  volume={195},
  pages={116899},
  year={2020},
  publisher={Elsevier}
}