@article{barbakh2008local,
  title={Local vs global interactions in clustering algorithms: Advances over K-means},
  author={Barbakh, Wesam and Fyfe, Colin},
  journal={International Journal of Knowledge-based and Intelligent Engineering Systems},
  volume={12},
  number={2},
  pages={83--99},
  year={2008},
  publisher={IOS Press}
}

@article{hartigan1979algorithm,
  title={Algorithm AS 136: A k-means clustering algorithm},
  author={Hartigan, John A and Wong, Manchek A},
  journal={Journal of the royal statistical society. series c (applied statistics)},
  volume={28},
  number={1},
  pages={100--108},
  year={1979},
  publisher={JSTOR}
}

@INPROCEEDINGS{prihandoko2017analysis,
  author={Prihandoko and Bertalya and Ramadhan, Muhammad Iqbal},
  booktitle={2017 15th International Conference on Quality in Research (QiR) : International Symposium on Electrical and Computer Engineering}, 
  title={An analysis of natural disaster data by using K-means and K-medoids algorithm of data mining techniques}, 
  year={2017},
  volume={},
  number={},
  pages={221-225},
  doi={10.1109/QIR.2017.8168485}
}

@article{jain1999data,
  title={Data clustering: a review},
  author={Jain, Anil K and Murty, M Narasimha and Flynn, Patrick J},
  journal={ACM computing surveys (CSUR)},
  volume={31},
  number={3},
  pages={264--323},
  year={1999},
  publisher={Acm New York, NY, USA}
}

@article{jessen2022identification,
  title={Identification of natural disaster impacted electricity load profiles with k means clustering algorithm},
  author={Jessen, Simon Hedeg{\aa}rd and Ma, Zheng Grace and Wijaya, Francisco Danang and Vasquez, Juan C and Guerrero, Josep and J{\o}rgensen, Bo N{\o}rregaard},
  journal={Energy Informatics},
  volume={5},
  number={4},
  pages={1--29},
  year={2022},
  publisher={SpringerOpen}
}

@article{likas2003globalKMeans,
title = {The global k-means clustering algorithm},
journal = {Pattern Recognition},
volume = {36},
number = {2},
pages = {451-461},
year = {2003},
note = {Biometrics},
issn = {0031-3203},
doi = {https://doi.org/10.1016/S0031-3203(02)00060-2},
url = {https://www.sciencedirect.com/science/article/pii/S0031320302000602},
author = {Aristidis Likas and Nikos Vlassis and Jakob {J. Verbeek}},
keywords = {Clustering, -Means algorithm, Global optimization, - Trees, Data mining},
abstract = {We present the global k-means algorithm which is an incremental approach to clustering that dynamically adds one cluster center at a time through a deterministic global search procedure consisting of N (with N being the size of the data set) executions of the k-means algorithm from suitable initial positions. We also propose modifications of the method to reduce the computational load without significantly affecting solution quality. The proposed clustering methods are tested on well-known data sets and they compare favorably to the k-means algorithm with random restarts.}
}

@article{milligan1980examination,
  title={An examination of the effect of six types of error perturbation on fifteen clustering algorithms},
  author={Milligan, Glenn W},
  journal={psychometrika},
  volume={45},
  pages={325--342},
  year={1980},
  publisher={Springer}
}

@article{pena1999empirical,
  title={An empirical comparison of four initialization methods for the k-means algorithm},
  author={Pena, Jos{\'e} M and Lozano, Jose Antonio and Larranaga, Pedro},
  journal={Pattern recognition letters},
  volume={20},
  number={10},
  pages={1027--1040},
  year={1999},
  publisher={Elsevier}
}

@article{selim1984convergence,
  title={K-means-type algorithms: A generalized convergence theorem and characterization of local optimality},
  author={Selim, Shokri Z and Ismail, Mohamed A},
  journal={IEEE Transactions on pattern analysis and machine intelligence},
  number={1},
  pages={81--87},
  year={1984},
  publisher={IEEE}
}

@article{murphy1992uci,
  title={UCI repository of machine learning databases. Department of Information and Computer Science, University of California},
  author={Murphy, Patrick M},
  journal={http://www. ics. uci. edu/AI/ML/MLDBRepository. html},
  year={1992}
}

@inproceedings{bradley1998refining,
  title={Refining initial points for k-means clustering.},
  author={Bradley, Paul S and Fayyad, Usama M},
  booktitle={ICML},
  volume={98},
  pages={91--99},
  year={1998},
  organization={Citeseer}
}

@article{xu2015big,
  title={Big data and industrial ecology},
  author={Xu, Ming and Cai, Hua and Liang, Sai},
  journal={Journal of Industrial Ecology},
  volume={19},
  number={2},
  pages={205--210},
  year={2015},
  publisher={Wiley Online Library}
}

@article{DVORKIN2019521,
title = {Electricity market equilibrium under information asymmetry},
journal = {Operations Research Letters},
volume = {47},
number = {6},
pages = {521-526},
year = {2019},
issn = {0167-6377},
doi = {https://doi.org/10.1016/j.orl.2019.09.005},
url = {https://www.sciencedirect.com/science/article/pii/S0167637719300756},
author = {Vladimir Dvorkin and Jalal Kazempour and Pierre Pinson},
keywords = {Asymmetry of information, Distributed optimization, Electricity market, Equilibrium, Existence and uniqueness, Uncertainty},
}

@article{wenhao2003evaluation,
  title={Evaluation and Comparison of Energy Consumption Indexes in Refinery},
  author={Wenhao, G and Jinlin, X},
  journal={PETROLEUM REFINERY ENGINEERING},
  volume={33},
  number={11},
  pages={55--58},
  year={2003}
}

@article{wang2012assessing,
  title={Assessing the Green Securities Policy in China: An Examination of Environmental Disclosure by Chinese Listed Companies in Highly Polluting Industries},
  author={Wang, Hua},
  year={2012}
}

@article{malatesta2022identifying,
  title={Identifying Home System of Practices for Energy Use with K-Means Clustering Techniques},
  author={Malatesta, Troy and Breadsell, Jessica K},
  journal={Sustainability},
  volume={14},
  number={15},
  pages={9017},
  year={2022},
  publisher={MDPI}
}

@article{vaishnav2020environmental,
  title={The environmental consequences of electrifying space heating},
  author={Vaishnav, Parth and Fatimah, Adilla Mulia},
  journal={Environmental Science \& Technology},
  volume={54},
  number={16},
  pages={9814--9823},
  year={2020},
  publisher={ACS Publications}
}

@article{verkade2017resource,
  title={Is the Resource Man coming home? Engaging with an energy monitoring platform to foster flexible energy consumption in the Netherlands},
  author={Verkade, Nick and H{\"o}ffken, Johanna},
  journal={Energy Research \& Social Science},
  volume={27},
  pages={36--44},
  year={2017},
  publisher={Elsevier}
}